@inproceedings{PistilliECCV20,
title={Learning Graph-Convolutional Representationsfor Point Cloud Denoising},
author={Pistilli, Francesca and Fracastoro, Giulia and Valsesia, Diego and Magli, Enrico},
booktitle={The European Conference on Computer Vision (ECCV)},
year={2020},
}

@inproceedings{ValsesiaICIP19,
title     = {Image Denoising with Graph-Convolutional Neural Networks},
author    = {Valsesia, Diego and Fracastoro, Giulia and Magli, Enrico},
year      = {2019},
booktitle={2019 26th IEEE International Conference on Image Processing (ICIP)},
}

@inproceedings{Simonovsky2017ecc,
author = {Martin Simonovsky and Nikos Komodakis},
title = {Dynamic Edge-Conditioned Filters in Convolutional Neural Networks on Graphs},
url = {https://arxiv.org/abs/1704.02901},
booktitle = {CVPR},
year = {2017},
}
